@ARTICLE{njeri2023,
	author = {{Njeri}, Ann and {Beswick}, Robert J. and {Radcliffe}, Jack F. and {Thomson}, A.~P. and {Wrigley}, N. and {Muxlow}, T.~W.~B. and {Garrett}, M.~A. and {Deane}, Roger P. and {Moldon}, Javier and {Norris}, Ray P. and {Kothes}, Roland},
	title = "{SPARCS-North Wide-field VLBI Survey: exploring the resolved {\ensuremath{\mu}}Jy extragalactic radio source population with EVN + e-MERLIN}",
	journal = {\mnras},
	keywords = {methods: observational, techniques: high angular resolution, techniques: interferometric, galaxies: active, galaxies: high-redshift, quasars: supermassive black holes, Astrophysics - Astrophysics of Galaxies},
	year = 2023,
	month = feb,
	volume = {519},
	number = {2},
	pages = {1732-1744},
	doi = {10.1093/mnras/stac3569},
	archivePrefix = {arXiv},
	eprint = {2212.01874},
	primaryClass = {astro-ph.GA},
	adsurl = {https://ui.adsabs.harvard.edu/abs/2023MNRAS.519.1732N},
	adsnote = {Provided by the SAO/NASA Astrophysics Data System}
}

@ARTICLE{2021Galax...9...81R,
       author = {{Rudnick}, Lawrence and {Cotton}, William and {Knowles}, Kenda and {Kolokythas}, Konstantinos},
        title = "{One Source, Two Source(s): Ribs and Tethers}",
      journal = {Galaxies},
     keywords = {Astrophysics - Astrophysics of Galaxies, Astrophysics - Cosmology and Nongalactic Astrophysics},
         year = 2021,
        month = oct,
       volume = {9},
       number = {4},
        pages = {81},
          doi = {10.3390/galaxies9040081},
archivePrefix = {arXiv},
       eprint = {2110.09961},
 primaryClass = {astro-ph.GA},
       adsurl = {https://ui.adsabs.harvard.edu/abs/2021Galax...9...81R},
      adsnote = {Provided by the SAO/NASA Astrophysics Data System}
}
@ARTICLE{deller2007,
	author = {{Deller}, A.~T. and {Tingay}, S.~J. and {Bailes}, M. and {West}, C.},
	title = "{DiFX: A Software Correlator for Very Long Baseline Interferometry Using Multiprocessor Computing Environments}",
	journal = {\pasp},
	keywords = {Techniques: Interferometric, Instrumentation: Interferometers, Stars: Pulsars: General, Radio Continuum: General, Radio Lines: General, Astrophysics},
	year = 2007,
	month = mar,
	volume = {119},
	number = {853},
	pages = {318-336},
	doi = {10.1086/513572},
	archivePrefix = {arXiv},
	eprint = {astro-ph/0702141},
	primaryClass = {astro-ph},
	adsurl = {https://ui.adsabs.harvard.edu/abs/2007PASP..119..318D},
	adsnote = {Provided by the SAO/NASA Astrophysics Data System}
}

@ARTICLE{ruiz2017,
	author = {{Herrera Ruiz}, N. and {Middelberg}, E. and {Deller}, A. and {Norris}, R.~P. and {Best}, P.~N. and {Brisken}, W. and {Schinnerer}, E. and {Smol{\v{c}}i{\'c}}, V. and {Delvecchio}, I. and {Momjian}, E. and {Bomans}, D. and {Scoville}, N.~Z. and {Carilli}, C.},
	title = "{The faint radio sky: VLBA observations of the COSMOS field}",
	journal = {\aap},
	keywords = {catalogs, galaxies: active, radio continuum: galaxies, Astrophysics - Astrophysics of Galaxies},
	year = 2017,
	month = nov,
	volume = {607},
	eid = {A132},
	pages = {A132},
	doi = {10.1051/0004-6361/201731163},
	archivePrefix = {arXiv},
	eprint = {1707.07512},
	primaryClass = {astro-ph.GA},
	adsurl = {https://ui.adsabs.harvard.edu/abs/2017A&A...607A.132H},
	adsnote = {Provided by the SAO/NASA Astrophysics Data System}
}


@ARTICLE{Fabian_1994ARAA,
       author = {{Fabian}, A.~C.},
        title = "{Cooling Flows in Clusters of Galaxies}",
      journal = {\araa},
         year = 1994,
        month = jan,
       volume = {32},
        pages = {277-318},
          doi = {10.1146/annurev.aa.32.090194.001425},
       adsurl = {https://ui.adsabs.harvard.edu/abs/1994ARA&A..32..277F},
      adsnote = {Provided by the SAO/NASA Astrophysics Data System}
}



@ARTICLE{McDonald2010,
       author = {{McDonald}, Michael and {Veilleux}, Sylvain and {Rupke}, David S.~N. and {Mushotzky}, Richard},
        title = "{On the Origin of the Extended H{\ensuremath{\alpha}} Filaments in Cooling Flow Clusters}",
      journal = {\apj},
     keywords = {galaxies: active, galaxies: clusters: general, galaxies: clusters: intracluster medium, galaxies: elliptical and lenticular, cD, ISM: jets and outflows, X-rays: galaxies: clusters, Astrophysics - High Energy Astrophysical Phenomena},
         year = 2010,
        month = oct,
       volume = {721},
       number = {2},
        pages = {1262-1283},
          doi = {10.1088/0004-637X/721/2/1262},
archivePrefix = {arXiv},
       eprint = {1008.0392},
 primaryClass = {astro-ph.HE},
       adsurl = {https://ui.adsabs.harvard.edu/abs/2010ApJ...721.1262M},
      adsnote = {Provided by the SAO/NASA Astrophysics Data System}
}



@ARTICLE{radcliffe2019,
	author = {{Radcliffe}, Jack F. and {Beswick}, Robert J. and {Thomson}, A.~P. and {Garrett}, Michael A. and {Barthel}, Peter D. and {Muxlow}, Thomas W.~B.},
	title = "{An insight into the extragalactic transient and variable microJy radio sky across multiple decades}",
	journal = {\mnras},
	keywords = {techniques: interferometric, galaxies: active, radio continuum: transients, Astrophysics - Astrophysics of Galaxies},
	year = 2019,
	month = dec,
	volume = {490},
	number = {3},
	pages = {4024-4039},
	doi = {10.1093/mnras/stz2748},
	archivePrefix = {arXiv},
	eprint = {1909.12588},
	primaryClass = {astro-ph.GA},
	adsurl = {https://ui.adsabs.harvard.edu/abs/2019MNRAS.490.4024R},
	adsnote = {Provided by the SAO/NASA Astrophysics Data System}
}



@ARTICLE{spingola2019,
	author = {{Spingola}, C. and {McKean}, J.~P. and {Lee}, M. and {Deller}, A. and {Moldon}, J.},
	title = "{A novel search for gravitationally lensed radio sources in wide-field VLBI imaging from the mJIVE-20 survey}",
	journal = {\mnras},
	keywords = {gravitational lensing: strong, techniques: high angular resolution, techniques: interferometric, galaxies: active, radio continuum: galaxies, Astrophysics - Astrophysics of Galaxies, Astrophysics - Cosmology and Nongalactic Astrophysics},
	year = 2019,
	month = feb,
	volume = {483},
	number = {2},
	pages = {2125-2153},
	doi = {10.1093/mnras/sty3189},
	archivePrefix = {arXiv},
	eprint = {1811.09152},
	primaryClass = {astro-ph.GA},
	adsurl = {https://ui.adsabs.harvard.edu/abs/2019MNRAS.483.2125S},
	adsnote = {Provided by the SAO/NASA Astrophysics Data System}
}



@ARTICLE{dussen2023,
	author = {{van der Dussen}, A. and {Radcliffe}, J.~F. and {Deane}, R.~P. and {Norris}, R.~P. and {Best}, P.~N. and {Brisken}, W. and {Schinnerer}, E. and {Smol{\v{c}}i{\'c}}, V. and {Delvecchio}, I. and {Momjian}, E. and {Bomans}, D. and {Scoville}, N.~Z. and {Carilli}, C.},
	title = "{The faint radio sky: VLBA observations of the COSMOS field}",
	journal = {MNRAS},
	keywords = {catalogs, galaxies: active, radio continuum: galaxies, Astrophysics - Astrophysics of Galaxies},
	year = 2023,
	month = nov,
	volume = {in prep.},
	eid = {},
	pages = {},
	doi = {},
	primaryClass = {astro-ph.GA},
	adsurl = {},
	adsnote = {Provided by the SAO/NASA Astrophysics Data System}
}



@ARTICLE{deller2011,
	author = {{Deller}, A.~T. and {Brisken}, W.~F. and {Phillips}, C.~J. and {Morgan}, J. and {Alef}, W. and {Cappallo}, R. and {Middelberg}, E. and {Romney}, J. and {Rottmann}, H. and {Tingay}, S.~J. and {Wayth}, R.},
	title = "{DiFX-2: A More Flexible, Efficient, Robust, and Powerful Software Correlator}",
	journal = {\pasp},
	keywords = {Astrophysics - Instrumentation and Methods for Astrophysics},
	year = 2011,
	month = mar,
	volume = {123},
	number = {901},
	pages = {275},
	doi = {10.1086/658907},
	archivePrefix = {arXiv},
	eprint = {1101.0885},
	primaryClass = {astro-ph.IM},
	adsurl = {https://ui.adsabs.harvard.edu/abs/2011PASP..123..275D},
	adsnote = {Provided by the SAO/NASA Astrophysics Data System}
}



@ARTICLE{deane2023,
	author = {{Deane}, Roger and {Radcliffe}, Jack F. and {Njeri}, Ann and {Thomson}, A.~P. and {Wrigley}, N. and {Muxlow}, T.~W.~B. and {Garrett}, M.~A. and {Deane}, Roger P. and {Moldon}, Javier and {Norris}, Ray P. and {Kothes}, Roland},
	title = "{SPARCS-North Wide-field VLBI Survey: exploring the resolved {\ensuremath{\mu}}Jy extragalactic radio source population with EVN + e-MERLIN}",
	journal = {\mnras},
	keywords = {methods: observational, techniques: high angular resolution, techniques: interferometric, galaxies: active, galaxies: high-redshift, quasars: supermassive black holes, Astrophysics - Astrophysics of Galaxies},
	year = 2023,
	month = feb,
	volume = {submitted},
	number = {},
	pages = {},
	doi = {},
	primaryClass = {astro-ph.GA},
	adsurl = {},
	adsnote = {Provided by the SAO/NASA Astrophysics Data System}
}



@software{vpipe,
	author       = {Jack Radcliffe},
	title        = {},
	month        = may,
	year         = 2021,
	publisher    = {Zenodo},
	version      = {v0l.9},
	doi          = {10.5281/zenodo.4776805},
}

@ARTICLE{jarvis2019,
       author = {{Jarvis}, M.~E. and {Harrison}, C.~M. and {Thomson}, A.~P. and {Circosta}, C. and {Mainieri}, V. and {Alexander}, D.~M. and {Edge}, A.~C. and {Lansbury}, G.~B. and {Molyneux}, S.~J. and {Mullaney}, J.~R.},
        title = "{Prevalence of radio jets associated with galactic outflows and feedback from quasars}",
      journal = {\mnras},
     keywords = {galaxy: evolution, galaxies: active, galaxies: jets, quasars: general, Astrophysics - Astrophysics of Galaxies},
         year = 2019,
        month = may,
       volume = {485},
       number = {2},
        pages = {2710-2730},
          doi = {10.1093/mnras/stz556},
archivePrefix = {arXiv},
       eprint = {1902.07727},
 primaryClass = {astro-ph.GA},
       adsurl = {https://ui.adsabs.harvard.edu/abs/2019MNRAS.485.2710J},
      adsnote = {Provided by the SAO/NASA Astrophysics Data System}
}


@ARTICLE{norrisemu2021,
       author = {{Norris}, Ray P. and {Marvil}, Joshua and {Collier}, J.~D. and {Kapi{\'n}ska}, Anna D. and {O'Brien}, Andrew N. and {Rudnick}, L. and {Andernach}, Heinz and {Asorey}, Jacobo and {Brown}, Michael J.~I. and {Br{\"u}ggen}, Marcus and {Crawford}, Evan and {English}, Jayanne and {Rahman}, Syed Faisal ur and {Filipovi{\'c}}, Miroslav D. and {Gordon}, Yjan and {G{\"u}rkan}, G{\"u}lay and {Hale}, Catherine and {Hopkins}, Andrew M. and {Huynh}, Minh T. and {HyeongHan}, Kim and {James Jee}, M. and {Koribalski}, B{\"a}rbel S. and {Lenc}, Emil and {Luken}, Kieran and {Parkinson}, David and {Prandoni}, Isabella and {Raja}, Wasim and {Reiprich}, Thomas H. and {Riseley}, Christopher J. and {Shabala}, Stanislav S. and {Sheil}, Jaimie R. and {Vernstrom}, Tessa and {Whiting}, Matthew T. and {Allison}, James R. and {Anderson}, C.~S. and {Ball}, Lewis and {Bell}, Martin and {Bunton}, John and {Galvin}, T.~J. and {Gupta}, Neeraj and {Hotan}, Aidan and {Jacka}, Colin and {Macgregor}, Peter J. and {Mahony}, Elizabeth K. and {Maio}, Umberto and {Moss}, Vanessa and {Pandey-Pommier}, M. and {Voronkov}, Maxim A.},
        title = "{The Evolutionary Map of the Universe pilot survey}",
      journal = {\pasa},
     keywords = {Extragalactic astronomy, Radio astronomy, Sky surveys, Astrophysics - Cosmology and Nongalactic Astrophysics, Astrophysics - Instrumentation and Methods for Astrophysics},
         year = 2021,
        month = sep,
       volume = {38},
          eid = {e046},
        pages = {e046},
          doi = {10.1017/pasa.2021.42},
archivePrefix = {arXiv},
       eprint = {2108.00569},
 primaryClass = {astro-ph.CO},
       adsurl = {https://ui.adsabs.harvard.edu/abs/2021PASA...38...46N},
      adsnote = {Provided by the SAO/NASA Astrophysics Data System}
}



@ARTICLE{norris2021,
       author = {{Norris}, Ray P. and {Intema}, Huib T. and {Kapi{\'n}ska}, Anna D. and {Koribalski}, B{\"a}rbel S. and {Lenc}, Emil and {Rudnick}, L. and {Alsaberi}, Rami Z.~E. and {Anderson}, Craig and {Anderson}, G.~E. and {Crawford}, E. and {Crocker}, Roland and {English}, Jayanne and {Filipovi{\'c}}, Miroslav D. and {Galvin}, Tim J. and {Hopkins}, Andrew M. and {Hurley-Walker}, Natasha and {Inoue}, Susumu and {Luken}, Kieran and {Macgregor}, Peter J. and {Manojlovi{\'c}}, Pero and {Marvil}, Josh and {O'Brien}, Andrew N. and {Park}, Laurence and {Raja}, Wasim and {Shobhana}, Devika and {Venturi}, Tiziana and {Collier}, Jordan D. and {Hale}, Catherine and {Hotan}, Aidan and {Moss}, Vanessa and {Whiting}, Matthew},
        title = "{Unexpected circular radio objects at high Galactic latitude}",
      journal = {\pasa},
     keywords = {Extragalactic radio sources, Astrophysics - Astrophysics of Galaxies},
         year = 2021,
        month = jan,
       volume = {38},
          eid = {e003},
        pages = {e003},
          doi = {10.1017/pasa.2020.52},
archivePrefix = {arXiv},
       eprint = {2006.14805},
 primaryClass = {astro-ph.GA},
       adsurl = {https://ui.adsabs.harvard.edu/abs/2021PASA...38....3N},
      adsnote = {Provided by the SAO/NASA Astrophysics Data System}
}



@ARTICLE{norris2011,
       author = {{Norris}, Ray P. and {Hopkins}, A.~M. and {Afonso}, J. and {Brown}, S. and {Condon}, J.~J. and {Dunne}, L. and {Feain}, I. and {Hollow}, R. and {Jarvis}, M. and {Johnston-Hollitt}, M. and {Lenc}, E. and {Middelberg}, E. and {Padovani}, P. and {Prandoni}, I. and {Rudnick}, L. and {Seymour}, N. and {Umana}, G. and {Andernach}, H. and {Alexander}, D.~M. and {Appleton}, P.~N. and {Bacon}, D. and {Banfield}, J. and {Becker}, W. and {Brown}, M.~J.~I. and {Ciliegi}, P. and {Jackson}, C. and {Eales}, S. and {Edge}, A.~C. and {Gaensler}, B.~M. and {Giovannini}, G. and {Hales}, C.~A. and {Hancock}, P. and {Huynh}, M.~T. and {Ibar}, E. and {Ivison}, R.~J. and {Kennicutt}, R. and {Kimball}, Amy E. and {Koekemoer}, A.~M. and {Koribalski}, B.~S. and {L{\'o}pez-S{\'a}nchez}, {\'A}. R. and {Mao}, M.~Y. and {Murphy}, T. and {Messias}, H. and {Pimbblet}, K.~A. and {Raccanelli}, A. and {Randall}, K.~E. and {Reiprich}, T.~H. and {Roseboom}, I.~G. and {R{\"o}ttgering}, H. and {Saikia}, D.~J. and {Sharp}, R.~G. and {Slee}, O.~B. and {Smail}, Ian and {Thompson}, M.~A. and {Urquhart}, J.~S. and {Wall}, J.~V. and {Zhao}, G. -B.},
        title = "{EMU: Evolutionary Map of the Universe}",
      journal = {\pasa},
     keywords = {telescopes, surveys, stars: activity, galaxies: evolution, galaxies: formation, cosmology: observations, radio continuum: general, Astrophysics - Cosmology and Nongalactic Astrophysics, Astrophysics - Instrumentation and Methods for Astrophysics},
         year = 2011,
        month = aug,
       volume = {28},
       number = {3},
        pages = {215-248},
          doi = {10.1071/AS11021},
archivePrefix = {arXiv},
       eprint = {1106.3219},
 primaryClass = {astro-ph.CO},
       adsurl = {https://ui.adsabs.harvard.edu/abs/2011PASA...28..215N},
      adsnote = {Provided by the SAO/NASA Astrophysics Data System}
}

@ARTICLE{gultekin09,
       author = {{G{\"u}ltekin}, Kayhan and {Richstone}, Douglas O. and {Gebhardt}, Karl and {Lauer}, Tod R. and {Tremaine}, Scott and {Aller}, M.~C. and {Bender}, Ralf and {Dressler}, Alan and {Faber}, S.~M. and {Filippenko}, Alexei V. and {Green}, Richard and {Ho}, Luis C. and {Kormendy}, John and {Magorrian}, John and {Pinkney}, Jason and {Siopis}, Christos},
        title = "{The M-{\ensuremath{\sigma}} and M-L Relations in Galactic Bulges, and Determinations of Their Intrinsic Scatter}",
      journal = {\apj},
     keywords = {black hole physics, galaxies: general, galaxies: nuclei, galaxies: statistics, stellar dynamics, Astrophysics - Galaxy Astrophysics, Astrophysics - Cosmology and Extragalactic Astrophysics},
         year = 2009,
        month = jun,
       volume = {698},
       number = {1},
        pages = {198-221},
          doi = {10.1088/0004-637X/698/1/198},
archivePrefix = {arXiv},
       eprint = {0903.4897},
 primaryClass = {astro-ph.GA},
       adsurl = {https://ui.adsabs.harvard.edu/abs/2009ApJ...698..198G},
      adsnote = {Provided by the SAO/NASA Astrophysics Data System}
}

@ARTICLE{mclure02,
       author = {{McLure}, R.~J. and {Dunlop}, J.~S.},
        title = "{On the black hole-bulge mass relation in active and inactive galaxies}",
      journal = {\mnras},
     keywords = {galaxies: active, galaxies: bulges, galaxies: nuclei, quasars: general, Astrophysics},
         year = 2002,
        month = apr,
       volume = {331},
       number = {3},
        pages = {795-804},
          doi = {10.1046/j.1365-8711.2002.05236.x},
archivePrefix = {arXiv},
       eprint = {astro-ph/0108417},
 primaryClass = {astro-ph},
       adsurl = {https://ui.adsabs.harvard.edu/abs/2002MNRAS.331..795M},
      adsnote = {Provided by the SAO/NASA Astrophysics Data System}
}

@ARTICLE{merritt01,
       author = {{Merritt}, David and {Ferrarese}, Laura},
        title = "{The M$_{{\textbullet}}$-{\ensuremath{\sigma}} Relation for Supermassive Black Holes}",
      journal = {\apj},
     keywords = {Black Hole Physics, Galaxies: Kinematics and Dynamics, Methods: Data Analysis, Astrophysics},
         year = 2001,
        month = jan,
       volume = {547},
       number = {1},
        pages = {140-145},
          doi = {10.1086/318372},
archivePrefix = {arXiv},
       eprint = {astro-ph/0008310},
 primaryClass = {astro-ph},
       adsurl = {https://ui.adsabs.harvard.edu/abs/2001ApJ...547..140M},
      adsnote = {Provided by the SAO/NASA Astrophysics Data System}
}

@ARTICLE{rigby11,
       author = {{Rigby}, E.~E. and {Best}, P.~N. and {Brookes}, M.~H. and {Peacock}, J.~A. and {Dunlop}, J.~S. and {R{\"o}ttgering}, H.~J.~A. and {Wall}, J.~V. and {Ker}, L.},
        title = "{The luminosity-dependent high-redshift turnover in the steep spectrum radio luminosity function: clear evidence for downsizing in the radio-AGN population}",
      journal = {\mnras},
     keywords = {galaxies: active, galaxies: evolution, galaxies: high-redshift, galaxies: luminosity function, mass function, Astrophysics - Cosmology and Nongalactic Astrophysics},
         year = 2011,
        month = sep,
       volume = {416},
       number = {3},
        pages = {1900-1915},
          doi = {10.1111/j.1365-2966.2011.19167.x},
archivePrefix = {arXiv},
       eprint = {1104.5020},
 primaryClass = {astro-ph.CO},
       adsurl = {https://ui.adsabs.harvard.edu/abs/2011MNRAS.416.1900R},
      adsnote = {Provided by the SAO/NASA Astrophysics Data System}
}

@ARTICLE{corton06,
       author = {{Croton}, Darren J. and {Springel}, Volker and {White}, Simon D.~M. and {De Lucia}, G. and {Frenk}, C.~S. and {Gao}, L. and {Jenkins}, A. and {Kauffmann}, G. and {Navarro}, J.~F. and {Yoshida}, N.},
        title = "{The many lives of active galactic nuclei: cooling flows, black holes and the luminosities and colours of galaxies}",
      journal = {\mnras},
     keywords = {black hole physics, galaxies: active, cooling flows, galaxies: evolution, galaxies: formation, cosmology: theory, Astrophysics},
         year = 2006,
        month = jan,
       volume = {365},
       number = {1},
        pages = {11-28},
          doi = {10.1111/j.1365-2966.2005.09675.x},
archivePrefix = {arXiv},
       eprint = {astro-ph/0508046},
 primaryClass = {astro-ph},
       adsurl = {https://ui.adsabs.harvard.edu/abs/2006MNRAS.365...11C},
      adsnote = {Provided by the SAO/NASA Astrophysics Data System}
}


@ARTICLE{nesvadba08,
       author = {{Nesvadba}, N.~P.~H. and {Lehnert}, M.~D. and {De Breuck}, C. and {Gilbert}, A.~M. and {van Breugel}, W.},
        title = "{Evidence for powerful AGN winds at high redshift: dynamics of galactic outflows in radio galaxies during the ``Quasar Era''}",
      journal = {\aap},
     keywords = {galaxies: high-redshift, galaxies: formation, galaxies: jets, infrared: galaxies, galaxies: kinematics and dynamics, Astrophysics},
         year = 2008,
        month = nov,
       volume = {491},
       number = {2},
        pages = {407-424},
          doi = {10.1051/0004-6361:200810346},
archivePrefix = {arXiv},
       eprint = {0809.5171},
 primaryClass = {astro-ph},
       adsurl = {https://ui.adsabs.harvard.edu/abs/2008A&A...491..407N},
      adsnote = {Provided by the SAO/NASA Astrophysics Data System}
}

@ARTICLE{mullaney13,
       author = {{Mullaney}, J.~R. and {Alexander}, D.~M. and {Fine}, S. and {Goulding}, A.~D. and {Harrison}, C.~M. and {Hickox}, R.~C.},
        title = "{Narrow-line region gas kinematics of 24 264 optically selected AGN: the radio connection}",
      journal = {\mnras},
     keywords = {catalogues, ISM: kinematics and dynamics, galaxies: active, quasars: emission lines, radio continuum: galaxies, Astrophysics - Cosmology and Nongalactic Astrophysics},
         year = 2013,
        month = jul,
       volume = {433},
       number = {1},
        pages = {622-638},
          doi = {10.1093/mnras/stt751},
archivePrefix = {arXiv},
       eprint = {1305.0263},
 primaryClass = {astro-ph.CO},
       adsurl = {https://ui.adsabs.harvard.edu/abs/2013MNRAS.433..622M},
      adsnote = {Provided by the SAO/NASA Astrophysics Data System}
}

@ARTICLE{girdhar22,
       author = {{Girdhar}, A. and {Harrison}, C.~M. and {Mainieri}, V. and {Bittner}, A. and {Costa}, T. and {Kharb}, P. and {Mukherjee}, D. and {Arrigoni Battaia}, F. and {Alexander}, D.~M. and {Calistro Rivera}, G. and {Circosta}, C. and {De Breuck}, C. and {Edge}, A.~C. and {Farina}, E.~P. and {Kakkad}, D. and {Lansbury}, G.~B. and {Molyneux}, S.~J. and {Mullaney}, J.~R. and {S}, Silpa and {Thomson}, A.~P. and {Ward}, S.~R.},
        title = "{Quasar feedback survey: multiphase outflows, turbulence, and evidence for feedback caused by low power radio jets inclined into the galaxy disc}",
      journal = {\mnras},
     keywords = {galaxies: active, galaxies: evolution, galaxies: jets, quasars: supermassive black holes, Astrophysics - Astrophysics of Galaxies},
         year = 2022,
        month = may,
       volume = {512},
       number = {2},
        pages = {1608-1628},
          doi = {10.1093/mnras/stac073},
archivePrefix = {arXiv},
       eprint = {2201.02208},
 primaryClass = {astro-ph.GA},
       adsurl = {https://ui.adsabs.harvard.edu/abs/2022MNRAS.512.1608G},
      adsnote = {Provided by the SAO/NASA Astrophysics Data System}
}

@ARTICLE{Lacy_2020,
	doi = {10.1088/1538-3873/ab63eb}, 
	url = {https://doi.org/10.1088%2F1538-3873%2Fab63eb}, 
	year = 2020,
	month = {jan}, 
	publisher = {{IOP} Publishing}, 
	volume = {132}, 
	number = {1009},
	pages = {035001}, 
	author = {M. Lacy and S. A. Baum and C. J. Chandler and S. Chatterjee and T. E. Clarke and S. Deustua and J. English and J. Farnes and B. M. Gaensler and N. Gugliucci and G. Hallinan and B. R. Kent and A. Kimball and C. J. Law and T. J. W. Lazio and J. Marvil and S. A. Mao and D. Medlin and K. Mooley and E. J. Murphy and S. Myers and R. Osten and G. T. Richards and E. Rosolowsky and L. Rudnick and F. Schinzel and G. R. Sivakoff and L. O. Sjouwerman and R. Taylor and R. L. White and J. Wrobel and H. Andernach and A. J. Beasley and E. Berger and S. Bhatnager and M. Birkinshaw and G. C. Bower and W. N. Brandt and S. Brown and S. Burke-Spolaor and B. J. Butler and J. Comerford and P. B. Demorest and H. Fu and S. Giacintucci and K. Golap and T. Güth and C. A. Hales and R. Hiriart and J. Hodge and A. Horesh and {\v{Z}
}. Ivezi{\'{c}} and M. J. Jarvis and A. Kamble and N. Kassim and X. Liu and L. Loinard and D. K. Lyons and J. Masters and M. Mezcua and G. A. Moellenbrock and T. Mroczkowski and K. Nyland and C. P. O'Dea and S. P. O'Sullivan and W. M. Peters and K. Radford and U. Rao and J. Robnett and J. Salcido and Y. Shen and A. Sobotka and S. Witz and M. Vaccari and R. J. van Weeren and A. Vargas and P. K. G. Williams and I. Yoon}, 
	title = {The Karl G. Jansky Very Large Array Sky Survey ({VLASS}). Science Case and Survey Design}, 
	journal = {\pasp}
}
@ARTICLE{nolting2,
       author = {{Nolting}, Chris and {Jones}, T.~W. and {O'Neill}, Brian J. and {Mendygral}, P.~J.},
        title = "{Simulated Interactions between Radio Galaxies and Cluster Shocks. II. Jet Axes Orthogonal to Shock Normals}",
      journal = {\apj},
     keywords = {Radio galaxies, Tailed radio galaxies, Radio sources, Astronomical simulations, Magnetohydrodynamical simulations, Galaxy clusters, Intracluster medium, Shocks, Radio lobes, Active galactic nuclei, 1343, 1682, 1358, 1857, 1966, 584, 858, 2086, 1348, 16, Astrophysics - High Energy Astrophysical Phenomena},
         year = 2019,
        month = nov,
       volume = {885},
       number = {1},
          eid = {80},
        pages = {80},
          doi = {10.3847/1538-4357/ab4650},
archivePrefix = {arXiv},
       eprint = {1909.08721},
 primaryClass = {astro-ph.HE},
       adsurl = {https://ui.adsabs.harvard.edu/abs/2019ApJ...885...80N},
      adsnote = {Provided by the SAO/NASA Astrophysics Data System}
}



@ARTICLE{nolting1,
       author = {{Nolting}, Chris and {Jones}, T.~W. and {O'Neill}, Brian J. and {Mendygral}, P.~J.},
        title = "{Interactions between Radio Galaxies and Cluster Shocks. I. Jet Axes Aligned with Shock Normals}",
      journal = {\apj},
     keywords = {galaxies: clusters: intracluster medium, galaxies: jets, magnetohydrodynamics: MHD, methods: numerical, radio continuum: galaxies, shock waves, Astrophysics - High Energy Astrophysical Phenomena},
         year = 2019,
        month = may,
       volume = {876},
       number = {2},
          eid = {154},
        pages = {154},
          doi = {10.3847/1538-4357/ab16d6},
archivePrefix = {arXiv},
       eprint = {1904.05943},
 primaryClass = {astro-ph.HE},
       adsurl = {https://ui.adsabs.harvard.edu/abs/2019ApJ...876..154N},
      adsnote = {Provided by the SAO/NASA Astrophysics Data System}
}

@ARTICLE{prandoni2023,
       author = {{Prandoni}, I. and {Deller}, A.~T. and {Norris}, R.~P. and {Fotopoulou}, S. and {Salvato}, M. and {Morgan}, J.~S. and {Brisken}, W. and {Lutz}, D. and {Rovilos}, E.},
        title = "{Mosaiced wide-field VLBI observations of the Lockman Hole/XMM}",
      journal = {\aa},
     keywords = {techniques: interferometric, galaxies: active, galaxies: evolution, Astrophysics - Cosmology and Nongalactic Astrophysics, Astrophysics - Instrumentation and Methods for Astrophysics},
         year = 2023,
        month = mar,
       volume = {in prep.},
          eid = {},
        pages = {},
          doi = {},
archivePrefix = {arXiv},
       eprint = {},
 primaryClass = {astro-ph.CO},
       adsurl = {},
      adsnote = {Provided by the SAO/NASA Astrophysics Data System}
}

@ARTICLE{middelberg2013,
       author = {{Middelberg}, E. and {Deller}, A.~T. and {Norris}, R.~P. and {Fotopoulou}, S. and {Salvato}, M. and {Morgan}, J.~S. and {Brisken}, W. and {Lutz}, D. and {Rovilos}, E.},
        title = "{Mosaiced wide-field VLBI observations of the Lockman Hole/XMM}",
      journal = {\aap},
     keywords = {techniques: interferometric, galaxies: active, galaxies: evolution, Astrophysics - Cosmology and Nongalactic Astrophysics, Astrophysics - Instrumentation and Methods for Astrophysics},
         year = 2013,
        month = mar,
       volume = {551},
          eid = {A97},
        pages = {A97},
          doi = {10.1051/0004-6361/201220374},
archivePrefix = {arXiv},
       eprint = {1212.4605},
 primaryClass = {astro-ph.CO},
       adsurl = {https://ui.adsabs.harvard.edu/abs/2013A&A...551A..97M},
      adsnote = {Provided by the SAO/NASA Astrophysics Data System}
}



@ARTICLE{radcliffe2018,
       author = {{Radcliffe}, J.~F. and {Garrett}, M.~A. and {Muxlow}, T.~W.~B. and {Beswick}, R.~J. and {Barthel}, P.~D. and {Deller}, A.~T. and {Keimpema}, A. and {Campbell}, R.~M. and {Wrigley}, N.},
        title = "{Nowhere to Hide: Radio-faint AGN in GOODS-N field. I. Initial catalogue and radio properties}",
      journal = {\aap},
     keywords = {catalogs, radio continuum: galaxies, galaxies: active, galaxies: nuclei, techniques: high angular resolution, techniques: interferometric, Astrophysics - Astrophysics of Galaxies},
         year = 2018,
        month = nov,
       volume = {619},
          eid = {A48},
        pages = {A48},
          doi = {10.1051/0004-6361/201833399},
archivePrefix = {arXiv},
       eprint = {1808.04296},
 primaryClass = {astro-ph.GA},
       adsurl = {https://ui.adsabs.harvard.edu/abs/2018A&A...619A..48R},
      adsnote = {Provided by the SAO/NASA Astrophysics Data System}
}



@ARTICLE{jurlin2021,
       author = {{Jurlin}, N. and {Brienza}, M. and {Morganti}, R. and {Wadadekar}, Y. and {Ishwara-Chandra}, C.~H. and {Maddox}, N. and {Mahatma}, V.},
        title = "{Multi-frequency characterisation of remnant radio galaxies in the Lockman Hole field}",
      journal = {\aap},
     keywords = {galaxies: active, radio continuum: galaxies, surveys, Astrophysics - Astrophysics of Galaxies},
         year = 2021,
        month = sep,
       volume = {653},
          eid = {A110},
        pages = {A110},
          doi = {10.1051/0004-6361/202040102},
archivePrefix = {arXiv},
       eprint = {2106.13161},
 primaryClass = {astro-ph.GA},
       adsurl = {https://ui.adsabs.harvard.edu/abs/2021A&A...653A.110J},
      adsnote = {Provided by the SAO/NASA Astrophysics Data System}
}



@ARTICLE{shabala2020,
       author = {{Shabala}, Stanislav S. and {Jurlin}, Nika and {Morganti}, Raffaella and {Brienza}, Marisa and {Hardcastle}, Martin J. and {Godfrey}, Leith E.~H. and {Krause}, Martin G.~H. and {Turner}, Ross J.},
        title = "{The duty cycle of radio galaxies revealed by LOFAR: remnant and restarted radio source populations in the Lockman Hole}",
      journal = {\mnras},
     keywords = {galaxies: active, galaxies: jets, radio continuum: galaxies, Astrophysics - Astrophysics of Galaxies, Astrophysics - High Energy Astrophysical Phenomena},
         year = 2020,
        month = aug,
       volume = {496},
       number = {2},
        pages = {1706-1717},
          doi = {10.1093/mnras/staa1172},
archivePrefix = {arXiv},
       eprint = {2004.08979},
 primaryClass = {astro-ph.GA},
       adsurl = {https://ui.adsabs.harvard.edu/abs/2020MNRAS.496.1706S},
      adsnote = {Provided by the SAO/NASA Astrophysics Data System}
}



@ARTICLE{jurlin2020,
       author = {{Jurlin}, N. and {Morganti}, R. and {Brienza}, M. and {Mandal}, S. and {Maddox}, N. and {Duncan}, K.~J. and {Shabala}, S.~S. and {Hardcastle}, M.~J. and {Prandoni}, I. and {R{\"o}ttgering}, H.~J.~A. and {Mahatma}, V. and {Best}, P.~N. and {Mingo}, B. and {Sabater}, J. and {Shimwell}, T.~W. and {Tasse}, C.},
        title = "{The life cycle of radio galaxies in the LOFAR Lockman Hole field}",
      journal = {\aap},
     keywords = {surveys, radio continuum: galaxies, galaxies: active, Astrophysics - Astrophysics of Galaxies},
         year = 2020,
        month = jun,
       volume = {638},
          eid = {A34},
        pages = {A34},
          doi = {10.1051/0004-6361/201936955},
archivePrefix = {arXiv},
       eprint = {2004.09118},
 primaryClass = {astro-ph.GA},
       adsurl = {https://ui.adsabs.harvard.edu/abs/2020A&A...638A..34J},
      adsnote = {Provided by the SAO/NASA Astrophysics Data System}
}



@ARTICLE{marshall2018,
       author = {{Marshall}, Madeline A. and {Shabala}, Stanislav S. and {Krause}, Martin G.~H. and {Pimbblet}, Kevin A. and {Croton}, Darren J. and {Owers}, Matt S.},
        title = "{Triggering active galactic nuclei in galaxy clusters}",
      journal = {\mnras},
     keywords = {galaxies: active, galaxies: clusters: general, galaxies: evolution, galaxies: formation, Astrophysics - Astrophysics of Galaxies},
         year = 2018,
        month = mar,
       volume = {474},
       number = {3},
        pages = {3615-3628},
          doi = {10.1093/mnras/stx2996},
archivePrefix = {arXiv},
       eprint = {1708.05519},
 primaryClass = {astro-ph.GA},
       adsurl = {https://ui.adsabs.harvard.edu/abs/2018MNRAS.474.3615M},
      adsnote = {Provided by the SAO/NASA Astrophysics Data System}
}



@ARTICLE{poggianti2017,
       author = {{Poggianti}, Bianca M. and {Moretti}, Alessia and {Gullieuszik}, Marco and {Fritz}, Jacopo and {Jaff{\'e}}, Yara and {Bettoni}, Daniela and {Fasano}, Giovanni and {Bellhouse}, Callum and {Hau}, George and {Vulcani}, Benedetta and {Biviano}, Andrea and {Omizzolo}, Alessandro and {Paccagnella}, Angela and {D'Onofrio}, Mauro and {Cava}, Antonio and {Sheen}, Y. -K. and {Couch}, Warrick and {Owers}, Matt},
        title = "{GASP. I. Gas Stripping Phenomena in Galaxies with MUSE}",
      journal = {\apj},
     keywords = {galaxies: clusters: general, galaxies: evolution, galaxies: general, galaxies: groups: general, galaxies: kinematics and dynamics, intergalactic medium, Astrophysics - Astrophysics of Galaxies},
         year = 2017,
        month = jul,
       volume = {844},
       number = {1},
          eid = {48},
        pages = {48},
          doi = {10.3847/1538-4357/aa78ed},
archivePrefix = {arXiv},
       eprint = {1704.05086},
 primaryClass = {astro-ph.GA},
       adsurl = {https://ui.adsabs.harvard.edu/abs/2017ApJ...844...48P},
      adsnote = {Provided by the SAO/NASA Astrophysics Data System}
}



@ARTICLE{shabala2017,
       author = {{Shabala}, S.~S. and {Deller}, A. and {Kaviraj}, S. and {Middelberg}, E. and {Turner}, R.~J. and {Ting}, Y.~S. and {Allison}, J.~R. and {Davis}, T.~A.},
        title = "{Delayed triggering of radio active galactic nuclei in gas-rich minor mergers in the local Universe}",
      journal = {\mnras},
     keywords = {techniques: high angular resolution, galaxies: active, galaxies: evolution, galaxies: formation, galaxies: interactions, Astrophysics - Astrophysics of Galaxies},
         year = 2017,
        month = feb,
       volume = {464},
       number = {4},
        pages = {4706-4720},
          doi = {10.1093/mnras/stw2536},
archivePrefix = {arXiv},
       eprint = {1608.04178},
 primaryClass = {astro-ph.GA},
       adsurl = {https://ui.adsabs.harvard.edu/abs/2017MNRAS.464.4706S},
      adsnote = {Provided by the SAO/NASA Astrophysics Data System}
}

@ARTICLE{Riseley2022_Abell3266,
       author = {{Riseley}, C.~J. and {Bonnassieux}, E. and {Vernstrom}, T. and {Galvin}, T.~J. and {Chokshi}, A. and {Botteon}, A. and {Rajpurohit}, K. and {Duchesne}, S.~W. and {Bonafede}, A. and {Rudnick}, L. and {Hoeft}, M. and {Quici}, B. and {Eckert}, D. and {Brienza}, M. and {Tasse}, C. and {Carretti}, E. and {Collier}, J.~D. and {Diego}, J.~M. and {Di Mascolo}, L. and {Hopkins}, A.~M. and {Johnston-Hollitt}, M. and {Keel}, R.~R. and {Koribalski}, B.~S. and {Reiprich}, T.~H.},
        title = "{Radio fossils, relics, and haloes in Abell 3266: cluster archaeology with ASKAP-EMU and the ATCA}",
      journal = {\mnras},
     keywords = {galaxies: clusters: general, galaxies: clusters: individual: Abell 3266, galaxies: clusters: intracluster medium, X-rays: galaxies: clusters},
         year = 2022,
        month = sep,
       volume = {515},
       number = {2},
        pages = {1871-1896},
          doi = {10.1093/mnras/stac1771},
       adsurl = {https://ui.adsabs.harvard.edu/abs/2022MNRAS.515.1871R},
      adsnote = {Provided by the SAO/NASA Astrophysics Data System}
}

@ARTICLE{Fabian2012_ARAA,
       author = {{Fabian}, A.~C.},
        title = "{Observational Evidence of Active Galactic Nuclei Feedback}",
      journal = {\araa},
     keywords = {Astrophysics - Cosmology and Nongalactic Astrophysics, Astrophysics - High Energy Astrophysical Phenomena},
         year = 2012,
        month = sep,
       volume = {50},
        pages = {455-489},
          doi = {10.1146/annurev-astro-081811-125521},
archivePrefix = {arXiv},
       eprint = {1204.4114},
 primaryClass = {astro-ph.CO},
       adsurl = {https://ui.adsabs.harvard.edu/abs/2012ARA&A..50..455F},
      adsnote = {Provided by the SAO/NASA Astrophysics Data System}
}

@ARTICLE{2020MNRAS.499.5791G,
       author = {{Gendron-Marsolais}, M. and {Hlavacek-Larrondo}, J. and {van Weeren}, R.~J. and {Rudnick}, L. and {Clarke}, T.~E. and {Sebastian}, B. and {Mroczkowski}, T. and {Fabian}, A.~C. and {Blundell}, K.~M. and {Sheldahl}, E. and {Nyland}, K. and {Sanders}, J.~S. and {Peters}, W.~M. and {Intema}, H.~T.},
        title = "{High-resolution VLA low radio frequency observations of the Perseus cluster: radio lobes, mini-halo, and bent-jet radio galaxies}",
      journal = {\mnras},
     keywords = {Galaxies: clusters: individual: Perseus cluster, galaxies: jets, radio continuum: galaxies, X-rays: galaxies: clusters, Astrophysics - Astrophysics of Galaxies, Astrophysics - High Energy Astrophysical Phenomena},
         year = 2020,
        month = dec,
       volume = {499},
       number = {4},
        pages = {5791-5805},
          doi = {10.1093/mnras/staa2003},
archivePrefix = {arXiv},
       eprint = {2005.12298},
 primaryClass = {astro-ph.GA},
       adsurl = {https://ui.adsabs.harvard.edu/abs/2020MNRAS.499.5791G},
      adsnote = {Provided by the SAO/NASA Astrophysics Data System}
}

@ARTICLE{morabito23,
       author = {{Morabito}, Leah K. and {Sweijen}, F. and {Radcliffe}, J.~F. and {Best}, P.~N. and {Kondapally}, Rohit and {Bondi}, Marco and {Bonato}, Matteo and {Duncan}, K.~J. and {Prandoni}, Isabella and {Shimwell}, T.~W. and {Williams}, W.~L. and {van Weeren}, R.~J. and {Conway}, J.~E. and {Calistro Rivera}, G.},
        title = "{Identifying active galactic nuclei via brightness temperature with sub-arcsecond international LOFAR telescope observations}",
      journal = {\mnras},
     keywords = {acceleration of particles, radiation mechanisms: non-thermal, galaxies: active, galaxies: jets, radio continuum: galaxies, Astrophysics - Astrophysics of Galaxies},
         year = 2022,
        month = oct,
       volume = {515},
       number = {4},
        pages = {5758-5774},
          doi = {10.1093/mnras/stac2129},
archivePrefix = {arXiv},
       eprint = {2207.13096},
 primaryClass = {astro-ph.GA},
       adsurl = {https://ui.adsabs.harvard.edu/abs/2022MNRAS.515.5758M},
      adsnote = {Provided by the SAO/NASA Astrophysics Data System}
}

@ARTICLE{panessa19,
       author = {{Panessa}, Francesca and {Baldi}, Ranieri Diego and {Laor}, Ari and {Padovani}, Paolo and {Behar}, Ehud and {McHardy}, Ian},
        title = "{The origin of radio emission from radio-quiet active galactic nuclei}",
      journal = {Nature Astronomy},
     keywords = {Astrophysics - Astrophysics of Galaxies, Astrophysics - High Energy Astrophysical Phenomena},
         year = 2019,
        month = apr,
       volume = {3},
        pages = {387-396},
          doi = {10.1038/s41550-019-0765-4},
archivePrefix = {arXiv},
       eprint = {1902.05917},
 primaryClass = {astro-ph.GA},
       adsurl = {https://ui.adsabs.harvard.edu/abs/2019NatAs...3..387P},
      adsnote = {Provided by the SAO/NASA Astrophysics Data System}
}

@ARTICLE{G4Jy,
       author = {{White}, Sarah V. and {Franzen}, Thomas M.~O. and {Riseley}, Chris J. and {Wong}, O. Ivy and {Kapi{\'n}ska}, Anna D. and {Hurley-Walker}, Natasha and {Callingham}, Joseph R. and {Thorat}, Kshitij and {Wu}, Chen and {Hancock}, Paul and {Hunstead}, Richard W. and {Seymour}, Nick and {Swan}, Jesse and {Wayth}, Randall and {Morgan}, John and {Chhetri}, Rajan and {Jackson}, Carole and {Weston}, Stuart and {Bell}, Martin and {Gaensler}, B.~M. and {Johnston-Hollitt}, Melanie and {Offringa}, Andr{\'e} and {Staveley-Smith}, Lister},
        title = "{The GLEAM 4-Jy (G4Jy) Sample: II. Host galaxy identification for individual sources}",
      journal = {\pasa},
     keywords = {catalogues, galaxies: active, galaxies: evolution, radio continuum: galaxies, Astrophysics - Astrophysics of Galaxies},
         year = 2020,
        month = jun,
       volume = {37},
          eid = {e017},
        pages = {e017},
          doi = {10.1017/pasa.2020.10},
archivePrefix = {arXiv},
       eprint = {2004.13025},
 primaryClass = {astro-ph.GA},
       adsurl = {https://ui.adsabs.harvard.edu/abs/2020PASA...37...17W},
      adsnote = {Provided by the SAO/NASA Astrophysics Data System}
}

